% This file was created with JabRef 2.10.
% Encoding: UTF8


@TechReport{DSP_script,
  Title                    = {Digital Signal Processing},
  Author                   = {Dr. Robert Okorn},
  Institution              = {FH-JOANNEUM},
  Year                     = {2014},
  Month                    = {October},
  Number                   = {Rev. 1.8},
  Type                     = {script},

  File                     = {:D\:\\Bernhard\\FH\\AEE14\\1. Semester\\DSP\\Script_AEE_Dig-Sign_V1.8.pdf:PDF},
  Owner                    = {Bernhard},
  Timestamp                = {2014.12.06}
}

@Manual{MicroZed_userGuide,
  Title                    = {MicroZed - Hardware User Guide},
  Edition                  = {Version 1.4},
  Organization             = {AVNET electronics marketing},
  Year                     = {2014},

  File                     = {dokument:D\:\\Bernhard\\Dropbox\\RutteSchönlieb\\MIC\\MicroZed_HW_UG_v1_4.pdf:PDF},
  Owner                    = {Bernhard},
  Timestamp                = {2014.11.29}
}

@Manual{Zynq_manual,
  Title                    = {Zynq-7000 
All Programmable SoC
 
Technical Referenc Manual},
  Edition                  = {v1.8.1},
  Organization             = {XILINX},
  Year                     = {2014},

  File                     = {dokument:D\:\\Bernhard\\Dropbox\\RutteSchönlieb\\MIC\\ug585-Zynq-7000-TRM.pdf:PDF},
  Owner                    = {Bernhard},
  Timestamp                = {2014.11.29}
}

